<record><leader>00000cas a22000007a 4500</leader><controlfield tag="001">25124910</controlfield><controlfield tag="008">920117d19131921wyuwr ne      0    0eng d</controlfield><datafield ind1=" " ind2=" " tag="010"><subfield code="a">sn 92066903 </subfield></datafield><datafield ind1=" " ind2=" " tag="040"><subfield code="a">NVO</subfield><subfield code="b">eng</subfield><subfield code="c">NVO</subfield><subfield code="d">OCLCQ</subfield><subfield code="d">OCLCF</subfield><subfield code="d">OCLCO</subfield></datafield><datafield ind1="1" ind2=" " tag="029"><subfield code="a">AU@</subfield><subfield code="b">000025908969</subfield></datafield><datafield ind1=" " ind2=" " tag="042"><subfield code="a">msc</subfield></datafield><datafield ind1=" " ind2=" " tag="043"><subfield code="a">n-us-wy</subfield></datafield><datafield ind1="0" ind2=" " tag="130"><subfield code="a">Wheatland times (Wheatland, Wyo. : 1913)</subfield></datafield><datafield ind1="1" ind2="4" tag="245"><subfield code="a">The Wheatland times.</subfield></datafield><datafield ind1=" " ind2=" " tag="260"><subfield code="a">Wheatland, Platte County, Wyo. :</subfield><subfield code="b">Times Pub. Co.</subfield></datafield><datafield ind1=" " ind2=" " tag="300"><subfield code="a">v.</subfield></datafield><datafield ind1=" " ind2=" " tag="310"><subfield code="a">Weekly</subfield></datafield><datafield ind1="1" ind2=" " tag="362"><subfield code="a">Began in Jan. 1913.</subfield></datafield><datafield ind1="0" ind2=" " tag="362"><subfield code="a">-v. 20, no. 31 (Apr. 27, 1921).</subfield></datafield><datafield ind1=" " ind2=" " tag="588"><subfield code="a">Description based on: Vol. 12, no. 14 (Jan. 10, 1913).</subfield></datafield><datafield ind1=" " ind2="0" tag="651"><subfield code="a">Wheatland (Wyo.)</subfield><subfield code="v">Newspapers.</subfield></datafield><datafield ind1=" " ind2="7" tag="655"><subfield code="a">Newspapers.</subfield><subfield code="2">fast</subfield><subfield code="0">(OCoLC)fst01423814</subfield></datafield><datafield ind1=" " ind2="7" tag="651"><subfield code="a">Wyoming</subfield><subfield code="z">Wheatland.</subfield><subfield code="2">fast</subfield><subfield code="0">(OCoLC)fst01224923</subfield></datafield><datafield ind1=" " ind2=" " tag="752"><subfield code="a">United States</subfield><subfield code="b">Wyoming</subfield><subfield code="c">Platte</subfield><subfield code="d">Wheatland.</subfield></datafield><datafield ind1="0" ind2="0" tag="780"><subfield code="t">Laramie County times</subfield><subfield code="w">(DLC)sn 92066902</subfield></datafield><datafield ind1="0" ind2="7" tag="785"><subfield code="t">Wheatland world</subfield><subfield code="w">(DLC)sn 92066906</subfield></datafield><datafield ind1="0" ind2="7" tag="785"><subfield code="t">Wheatland times and Wheatland world</subfield><subfield code="w">(DLC)sn 92066904</subfield></datafield></record>